<?xml version="1.0" encoding="UTF-8"?><collection><record><leader>05526ntm a2200577 a 4500</leader><controlfield tag="001">006832636</controlfield><controlfield tag="003">MiAaHDL</controlfield><controlfield tag="005">20190719000000.0</controlfield><controlfield tag="006">m        d        </controlfield><controlfield tag="007">cr bn ---auaua</controlfield><controlfield tag="008">090629s1855    xx            00| ||ara d</controlfield><datafield tag="035" ind1=" " ind2=" "><subfield code="a">(MiU)006832636</subfield></datafield><datafield tag="035" ind1=" " ind2=" "><subfield code="a">sdr-miu006832636</subfield></datafield><datafield tag="040" ind1=" " ind2=" "><subfield code="a">MiU</subfield><subfield code="c">MiU</subfield><subfield code="e">amremm</subfield></datafield><datafield tag="043" ind1=" " ind2=" "><subfield code="a">n-us-mi</subfield></datafield><datafield tag="100" ind1="1" ind2=" "><subfield code="6">880-01</subfield><subfield code="a">Ibn Hishām, ʻAbd Allāh ibn Yūsuf,</subfield><subfield code="d">1309-1360.</subfield></datafield><datafield tag="240" ind1="1" ind2="0"><subfield code="6">880-02</subfield><subfield code="a">Mughnī al-labīb</subfield></datafield><datafield tag="245" ind1="1" ind2="0"><subfield code="6">880-03</subfield><subfield code="a">Hādhā Mughnī al-labīb,</subfield><subfield code="f">[1271, i.e. 1855].</subfield></datafield><datafield tag="246" ind1="3" ind2=" "><subfield code="i">Edge title (tail):</subfield><subfield code="a">مغنى اللبيب</subfield></datafield><datafield tag="260" ind1=" " ind2=" "><subfield code="c">[1855].</subfield></datafield><datafield tag="300" ind1=" " ind2=" "><subfield code="a">274 leaves :</subfield><subfield code="b">paper ;</subfield><subfield code="c">192 x 145 (150 x 65) mm. bound to 205 x 152 mm.</subfield></datafield><datafield tag="500" ind1=" " ind2=" "><subfield code="a">Shelfmark: Ann Arbor, University of Michigan, Special Collections Library, Isl. Ms. 951</subfield></datafield><datafield tag="500" ind1=" " ind2=" "><subfield code="a">Origin: As appears in colophon on p.550, copied by al-Sayyid ʻIwaḍ al-Rashīdī (İvaz Reşidî) with transcription apparently completed Jumādá II 1271 [February-March 1855].</subfield></datafield><datafield tag="500" ind1=" " ind2=" "><subfield code="a">Former shelfmark: Mich. Isl. Ms. temp. no. 100</subfield></datafield><datafield tag="500" ind1=" " ind2=" "><subfield code="a">Binding: Boards (ill-trimmed and possibly recycled, see upper board under board lining stamped with "423 CLOCHETTE 2M" and star in circle below) covered in a floral-print textile (cretonne) ; Type III binding (without flap), tight back though with squares rather than boards cut flush with text block ; pastedowns and flyleaves in untinted European laid paper with three crescents (tre lune) watermark ; sewn in cream thread, two stations ; worked chevron endbands in red and pink ; overall in fair condition with some staining and abrasion, detaching at spine, etc. ; likely not original, traces of earlier spine lining (through which primaries have been sewn) visible.</subfield></datafield><datafield tag="500" ind1=" " ind2=" "><subfield code="a">Support: Machine wove paper, dark cream to beige in color, well-burnished ; some offset of ink and blocking, staining, and pest damage ; flyleaves and pastedowns in European laid paper with three crescents (tre lune) watermark.</subfield></datafield><datafield tag="500" ind1=" " ind2=" "><subfield code="a">Decoration: Keywords and section headings rubricated ; textual dividers in the form of red discs.</subfield></datafield><datafield tag="500" ind1=" " ind2=" "><subfield code="a">Script: Nastaʻlīq (talik) ; compact Turkish hand in a medium line ; serifless with effect of inclination to the right, slight effect of words descending to baseline (occasionally more exaggerated), some elongation of horizontal strokes and sweeping descenders, pointing in strokes rather than distinct dots.</subfield></datafield><datafield tag="500" ind1=" " ind2=" "><subfield code="a">Layout: Written in 23 lines per page ; frame-ruled (impression of ruling board evident).</subfield></datafield><datafield tag="500" ind1=" " ind2=" "><subfield code="a">Collation: ii, 27 V(270), II (274), v (ternion with final leaf pasted down) ; almost exclusively quinions ; catchwords present ; pagination in pencil, Western numerals, supplied during digitization (includes flyleaves and mistakenly skips two pages between pp.435-436).</subfield></datafield><datafield tag="500" ind1=" " ind2=" "><subfield code="a">Colophon: "Scribal," reads "وقد وقع الفراغ من تحريره يوم الاثنين [؟] من جمادى الاخر سنة الف ومائة واثنين وستين بعون الله ومنه تم بقلم الفقير اليه سبحانه السيد عوض الرشيدي في جمادى الثانية سنة الف ومائتين وواحد وسبعين وصلى الله على سيدنا محمد وعلى اله وصحبه وسلم تسليما كثيرا الى يوم الدين م"</subfield></datafield><datafield tag="500" ind1=" " ind2=" "><subfield code="a">Explicit: "وقد مر ذلك ولو ذكرت احرف الجر ودخول بعضها على بعض لجاء من ذلك امثلة كثيرة وهذا اخر ما تيسر ايراده في هذا التعليق اسأل الله الذي من علي بانشائه واتمامه ... ان يحرم وجهي النار ... انه حكيم كريم رؤوف رحيم"</subfield></datafield><datafield tag="500" ind1=" " ind2=" "><subfield code="a">Incipit: اما بعد حمدا لله تعالى على افضاله والصلوة ... فان اولى ما تقترحه القرائح واعلى ما تجنح الى تحصيله الجوانح [ما يتيسر] به فهم كتاب الله المنزل ويتضح به معنى حديث [نبيه المرسل] ..."</subfield></datafield><datafield tag="500" ind1=" " ind2=" "><subfield code="a">Title from 'title page' (p.5).</subfield></datafield><datafield tag="500" ind1=" " ind2=" "><subfield code="a">Ms. codex.</subfield></datafield><datafield tag="510" ind1="4" ind2=" "><subfield code="a">Brockelmann, C. GAL,</subfield><subfield code="c">II 23</subfield></datafield><datafield tag="520" ind1="8" ind2=" "><subfield code="a">Fine copy of Ibn Hishām’s (d.761/1360) celebrated treatise on Arabic syntax, arranged by particle.</subfield></datafield><datafield tag="538" ind1=" " ind2=" "><subfield code="a">Mode of access: Internet.</subfield></datafield><datafield tag="541" ind1=" " ind2=" "><subfield code="a">Acquired in the Fall of 1950.</subfield></datafield><datafield tag="546" ind1=" " ind2=" "><subfield code="a">Arabic.</subfield></datafield><datafield tag="561" ind1=" " ind2=" "><subfield code="a">On opening leaf (p.3), label with ex libris of James Heyworth-Dunne (d.1974), stamped with inventory numbers, "Ex Libris | J. Heyworth-Dunne | D. Lit. (London) | No.7780" ; collation statement on 'title page' (p.5) reads "عدد كراريسه ٢٧" ; UM Library inscription on p.7 "Dunning | Heyworth-Dunne | 6-13-51 | 71955" ; occasional glosses and marginal corrections ; notabilia (side-heads), some rubricated.</subfield></datafield><datafield tag="650" ind1=" " ind2="0"><subfield code="a">Manuscripts, Arabic</subfield><subfield code="z">Michigan</subfield><subfield code="z">Ann Arbor.</subfield></datafield><datafield tag="650" ind1=" " ind2="0"><subfield code="a">Arabic language</subfield><subfield code="x">Syntax</subfield><subfield code="v">Early works to 1800.</subfield></datafield><datafield tag="650" ind1=" " ind2="0"><subfield code="a">Arabic language</subfield><subfield code="x">Grammar</subfield><subfield code="v">Early works to 1800.</subfield></datafield><datafield tag="700" ind1="1" ind2=" "><subfield code="a">Heyworth-Dunne, J.</subfield><subfield code="q">(James),</subfield><subfield code="e">former owner.</subfield></datafield><datafield tag="700" ind1="0" ind2=" "><subfield code="6">880-05</subfield><subfield code="a">ʻIwaḍ al-Rashīdī,</subfield><subfield code="d">fl. 1855,</subfield><subfield code="e">scribe.</subfield></datafield><datafield tag="773" ind1="0" ind2=" "><subfield code="a">Heyworth-Dunne Collection.</subfield></datafield><datafield tag="880" ind1="0" ind2=" "><subfield code="6">700-05/</subfield><subfield code="a">عوض الرشيدي،</subfield><subfield code="e">ناسخ.</subfield></datafield><datafield tag="880" ind1="1" ind2="0"><subfield code="6">245-03/</subfield><subfield code="a">هذا مغني اللبيب,</subfield><subfield code="f">[1271ه، 1855م].</subfield></datafield><datafield tag="880" ind1="1" ind2="0"><subfield code="6">240-02/</subfield><subfield code="a">مغني اللبيب</subfield></datafield><datafield tag="880" ind1="1" ind2=" "><subfield code="6">100-01/</subfield><subfield code="a">ابن هشام, عبد الله بن يوسف.</subfield></datafield><datafield tag="CID" ind1=" " ind2=" "><subfield code="a">006832636</subfield></datafield><datafield tag="DAT" ind1="0" ind2=" "><subfield code="a">20190719102640.0</subfield><subfield code="b">20190719000000.0</subfield></datafield><datafield tag="DAT" ind1="1" ind2=" "><subfield code="a">20190719090653.0</subfield><subfield code="b">2019-07-19T16:12:25Z</subfield></datafield><datafield tag="DAT" ind1="2" ind2=" "><subfield code="a">2015-10-02T18:00:03Z</subfield></datafield><datafield tag="CAT" ind1=" " ind2=" "><subfield code="a">SDR-MIU</subfield><subfield code="d">EX LIBRIS - ALEPH</subfield><subfield code="l">prepare.pl-004-008</subfield></datafield><datafield tag="FMT" ind1=" " ind2=" "><subfield code="a">BK</subfield></datafield><datafield tag="HOL" ind1=" " ind2=" "><subfield code="0">sdr-miu006832636</subfield><subfield code="a">MiU</subfield><subfield code="b">SDR</subfield><subfield code="c">MIU</subfield><subfield code="p">mdp.39015079131325</subfield><subfield code="s">MIU</subfield><subfield code="1">006832636</subfield></datafield><datafield tag="974" ind1=" " ind2=" "><subfield code="b">MIU</subfield><subfield code="c">MIU</subfield><subfield code="d">20190719</subfield><subfield code="s">lit-dlps-dc</subfield><subfield code="u">mdp.39015079131325</subfield><subfield code="y">1855</subfield><subfield code="r">pd</subfield><subfield code="q">bib</subfield><subfield code="t">non-US bib date1 &lt; 1879</subfield></datafield></record></collection>